74800000         100023412224049IGK                 0080950000000015938 TROPICAL                      SICREDI                                 12106202415105700278708201600                                                                     
74800011C2041042 100023412224049IGK                 0080950000000015938 TROPICAL                                                              FAZENDA TROPICAL - ROD. BR 364120                 PEDRA PRETA         78795000MT                  
7480001300001A00001875604349 0000000025607 PANTANEIRO ACESSORIOS LTDA ME 9004128101          24062024BRL000000000000000000000000007600                    00000000000000000000000PAGAMENTO                                 00005     0          
7480001300002B   204886211000124AVENIDA ITRIO CORREA DA COSTA 2858                JARDIM BELO HORRONDONOPOLIS        78705540MT000000000000000000000000000000000000000000000000000000000000000000000000000000000000000000000000000              
7480001300003A00001875604349 0000000025607 PANTANEIRO ACESSORIOS LTDA ME 9017980801          24062024BRL000000000000000000000000030000                    00000000000000000000000PAGAMENTO                                 00005     0          
7480001300004B   204886211000124AVENIDA ITRIO CORREA DA COSTA 2858                JARDIM BELO HORRONDONOPOLIS        78705540MT000000000000000000000000000000000000000000000000000000000000000000000000000000000000000000000000000              
7480001300005A00001800100355 0000000407062 PARANA FUNDACOES LTDA         9037826101          24062024BRL000000000000000000000000982000                    00000000000000000000000PAGAMENTO                                 00005     0          
7480001300006B   209311199000143ROD BR-376                    0    LOTE 154B-1/REMPARQUE INDUSTRIAPUCARANA           86800762PR000000000000000000000000000000000000000000000000000000000000000000000000000000000000000000000000000              
7480001300007A00001823701871 0000000078298 PIOVESAN & CIA LTDA           9037884501          24062024BRL000000000000000000000007453334                    00000000000000000000000PAGAMENTO                                 00005     0          
7480001300008B   224440411000166RUA MAJOR PITALUGA            304                 VILA DO BONITO ALTO GARCAS         78770000MT000000000000000000000000000000000000000000000000000000000000000000000000000000000000000000000000000              
7480001300009A00001803302271 0000130105228 RECH AGRICOLA LTDA            9039709401          24062024BRL000000000000000000000000036400                    00000000000000000000000PAGAMENTO                                 00005     0          
7480001300010B   210209063000106R SILVERIO NADIR DANIELLI     150                 PRIMAVERA I    PRIMAVERA DO LESTE  78850000MT000000000000000000000000000000000000000000000000000000000000000000000000000000000000000000000000000              
7480001300011A00001823701458 0000000399795 REDE MAIS COMERCIO DE COMBUSTI9022521301          24062024BRL000000000000000000000000012434                    00000000000000000000000PAGAMENTO                                 00005     0          
7480001300012B   223891404000118RUA DO COMERCIO               4907                PARQUE INDUSTRIPRIMAVERA DO LESTE  78850000MT000000000000000000000000000000000000000000000000000000000000000000000000000000000000000000000000000              
7480001300013A00001807700001 0000261405543 RONIERY MARTINS DOS SANTOS 8399039048501          24062024BRL000000000000000000000003600000                    00000000000000000000000PAGAMENTO                                 00005     0          
7480001300014B   232362595000111RUA JAIME LOPES DA SILVA      140  QD.05 LT 06    LOTEAMENTO ZE SRONDONOPOLIS        78711010MT000000000000000000000000000000000000000000000000000000000000000000000000000000000000000000000000000              
7480001300015A00001823703492 0000003740382 SANTIAGO COTTON LTDA          9039059901          24062024BRL000000000000000000000002993448                    00000000000000000000000PAGAMENTO                                 00005     0          
7480001300016B   221945514000190R HELENA ANTIPOFF             745                 FUNCIONARIOS   BELO HORIZONTE      30350690MG000000000000000000000000000000000000000000000000000000000000000000000000000000000000000000000000000              
7480001300017A00001800102936 0000000493279 SERPEMA MAQUINAS RODOVIARIAS L8975836801          24062024BRL000000000000000000000000045983                    00000000000000000000000PAGAMENTO                                 00005     0          
7480001300018B   235622921000170AVENIDA DOUTOR OLAVO VILELLA D917                 PARQUE RESIDENCCAMPO GRANDE        79052425MS000000000000000000000000000000000000000000000000000000000000000000000000000000000000000000000000000              
7480001300019A00001834100499 0000000099356 TORNEARIA CONRAD LTDA - ME    9038074101          24062024BRL000000000000000000000000180004                    00000000000000000000000PAGAMENTO                                 00005     0          
7480001300020B   207183134000134AV PEDRO CAETANO RODRIGUES    5443                DIST. IND. AUGURONDONOPOLIS        78746702MT000000000000000000000000000000000000000000000000000000000000000000000000000000000000000000000000000              
7480001300021A00001800103283 0000000679674 UNIMAQ PECAS E SERVICOS INDUST8992985401          24062024BRL000000000000000000000000054980                    00000000000000000000000PAGAMENTO                                 00005     0          
7480001300022B   213386449000181R PERNAMBUCO                  423                 CIDADE SALMEN  RONDONOPOLIS        78705168MT000000000000000000000000000000000000000000000000000000000000000000000000000000000000000000000000000              
7480001300023A00001800103283 0000000269522 VMIX CONCRETO LTDA            9036931001          24062024BRL000000000000000000000021612920                    00000000000000000000000PAGAMENTO                                 00005     0          
7480001300024B   243257131000161R RUA E                       1                   VILA ESTRELA DARONDONOPOLIS        78746305MT000000000000000000000000000000000000000000000000000000000000000000000000000000000000000000000000000              
7480001300025A00001823702457 0000000301841 WESLEY CARLOS DA SILVA SERVICO9039095101          24062024BRL000000000000000000000000080000                    00000000000000000000000PAGAMENTO                                 00005     0          
7480001300026B   218064887000147RUA BARAO DE MAUA             470                 POLO EMPRESARIACHAPADAO DO SUL     79560000MS000000000000000000000000000000000000000000000000000000000000000000000000000000000000000000000000000              
7480001300027A00001823705577 0000000119911 CLEIDMAR DE S. SILVA - ME     9022505401          24062024BRL000000000000000000000000094259                    00000000000000000000000PAGAMENTO                                 00005     0          
7480001300028B   205940773000171RUA OLIVERIO PORTA            2894                CID. PRIMAVERAIPRIMAVERA DO LESTE  78850000MT000000000000000000000000000000000000000000000000000000000000000000000000000000000000000000000000000              
7480001300029A00001813601737 0000006105432 ALEX PADUAN - MANUTENCAO      9037625601          24062024BRL000000000000000000000000600000                    00000000000000000000000PAGAMENTO                                 00005     0          
7480001300030B   234764553000132RUA VEREADOR JOSE FERNANDES   1343 FUNDOS         JARDIM PANORAMASARANDI             87113010PR000000000000000000000000000000000000000000000000000000000000000000000000000000000000000000000000000              
7480001300031A00001875604349 0000014294575 COMERCIAL FORS LTDA EPP       9011860201          24062024BRL000000000000000000000000004400                    00000000000000000000000PAGAMENTO                                 00005     0          
7480001300032B   219013650000108AV BANDEIRANTES               2096                CENTRO         RONDONOPOLIS        78700200MT000000000000000000000000000000000000000000000000000000000000000000000000000000000000000000000000000              
7480001300033A00001800103066 000000025441X PAO DE LO PADARIA E CONFEITARI9021950801          24062024BRL000000000000000000000000084975                    00000000000000000000000PAGAMENTO                                 00005     0          
7480001300034B   226001411000195AVENIDA GOIAS LESTE           531                 FLAMBOYANT     CHAPADAO DO SUL     79560000MS000000000000000000000000000000000000000000000000000000000000000000000000000000000000000000000000000              
7480001300035A00001800103283 000000108528X COOPERCOTTON - COOPERATIVA DE 9034667601          24062024BRL000000000000000000000001821252                    00000000000000000000000PAGAMENTO                                 00005     0          
7480001300036B   204791529000121FRANCISCO GOULART             1128                VILA GOULART   RONDONOPOLIS        78745300MT000000000000000000000000000000000000000000000000000000000000000000000000000000000000000000000000000              
7480001300037A00001800103283 000000108528X COOPERCOTTON - COOPERATIVA DE 9035132701          24062024BRL000000000000000000000000280193                    00000000000000000000000PAGAMENTO                                 00005     0          
7480001300038B   204791529000121FRANCISCO GOULART             1128                VILA GOULART   RONDONOPOLIS        78745300MT000000000000000000000000000000000000000000000000000000000000000000000000000000000000000000000000000              
7480001300039A00001800103168 0000000020206 COTRIJAL COOPERATIVA AGROPECUA9039064701          24062024BRL000000000000000000000000008376                    00000000000000000000000PAGAMENTO                                 00005     0          
7480001300040B   291495549004902RUA PE VALENTIM RUMPEL        30                  CENTRO         NAO-ME-TOQUE        99470000RS000000000000000000000000000000000000000000000000000000000000000000000000000000000000000000000000000              
7480001300041A00001800103168 0000000020206 COTRIJAL COOPERATIVA AGROPECUA9039129901          24062024BRL000000000000000000000000023762                    00000000000000000000000PAGAMENTO                                 00005     0          
7480001300042B   291495549004902RUA PE VALENTIM RUMPEL        30                  CENTRO         NAO-ME-TOQUE        99470000RS000000000000000000000000000000000000000000000000000000000000000000000000000000000000000000000000000              
7480001300043A00001826000001 0005169000411 ARNOLDO MESSIAS NUNES         9037939201          24062024BRL000000000000000000000000177000                    00000000000000000000000PAGAMENTO                                 00005     0          
7480001300044B   234755110000185RUA CHIRIPA                   243  QD 008 LT 0018 JD. PONCHO VERDPRIMAVERA DO LESTE  78850000MT000000000000000000000000000000000000000000000000000000000000000000000000000000000000000000000000000              
7480001300045A00001803302185 0000010065163 EDJANE LIMA DOS SANTOS BERTUCH9038920001          24062024BRL000000000000000000000000017770                    00000000000000000000000PAGAMENTO                                 00005     0          
7480001300046B   100001296101193RUA CELSO WEIGERT SN QD 12 CS 01                  ZE SOBRINHO    RONDONOPOLIS        78711030MT000000000000000000000000000000000000000000000000000000000000000000000000000000000000000000000000000              
7480001300047A00001826000001 0000165663826 EVERTON SEVERIANO CARDOSO 08359040091501          24062024BRL000000000000000000000000090000                    00000000000000000000000PAGAMENTO                                 00005     0          
7480001300048B   232573932000110RUA BRILHANTE                 1492 CASA           TESSELE JUNIOR LUCAS DO RIO VERDE  78455000MT000000000000000000000000000000000000000000000000000000000000000000000000000000000000000000000000000              
7480001300049A00001800103283 000000113468X BOLIVAR ANTONIO DA SILVA      9038964501          24062024BRL000000000000000000000000274616                    00000000000000000000000PAGAMENTO                                 00005     0          
7480001300050B   205203569000178AVENIDA FILINTO MULLER        166                 VILA IRACY     RONDONOPOLIS        78720605MT000000000000000000000000000000000000000000000000000000000000000000000000000000000000000000000000000              
7480001300051A00001800102423 0000000229075 ICONIC LUBRIFICANTES S.A      9015445301          24062024BRL000000000000000000000000369000                    00000000000000000000000PAGAMENTO                                 00005     0          
7480001300052B   205757485000186RUA SILESIA                   3501 PARTE          CAMPOS ELISEOS DUQUE DE CAXIAS     25220030RJ000000000000000000000000000000000000000000000000000000000000000000000000000000000000000000000000000              
7480001300053A00001800102423 0000000229075 ICONIC LUBRIFICANTES S.A      9015441601          24062024BRL000000000000000000000000339000                    00000000000000000000000PAGAMENTO                                 00005     0          
7480001300054B   205757485000186RUA SILESIA                   3501 PARTE          CAMPOS ELISEOS DUQUE DE CAXIAS     25220030RJ000000000000000000000000000000000000000000000000000000000000000000000000000000000000000000000000000              
7480001300055A00001800101187 0000001103636 MACADI ROLAMENTOS E CORREIAS L8995295801          24062024BRL000000000000000000000000452550                    00000000000000000000000PAGAMENTO                                 00005     0          
7480001300056B   279718870000150AVENIDA MORANGUEIRA           567                 VILA ESPERAN A MARINGA             87030300PR000000000000000000000000000000000000000000000000000000000000000000000000000000000000000000000000000              
7480001300057A00001800102423 0000000018023 MARCELO ORLATO                9038037901          24062024BRL000000000000000000000000029525                    00000000000000000000000PAGAMENTO                                 00005     0          
7480001300058B   201946746000155AVENIDA PRESIDENTE EMILIO GETU1880                CENTRO         PEDRA PRETA         78795000MT000000000000000000000000000000000000000000000000000000000000000000000000000000000000000000000000000              
7480001300059A00001800102423 0000000018023 MARCELO ORLATO                9014660501          24062024BRL000000000000000000000000058470                    00000000000000000000000PAGAMENTO                                 00005     0          
7480001300060B   201946746000155AVENIDA PRESIDENTE EMILIO GETU1880                CENTRO         PEDRA PRETA         78795000MT000000000000000000000000000000000000000000000000000000000000000000000000000000000000000000000000000              
7480001300061A00001875605014 0000000215970 MARCO TULIO DE ANDRADE RAMALHO9039118001          24062024BRL000000000000000000000000308164                    00000000000000000000000PAGAMENTO                                 00005     0          
7480001300062B   235078576000156AV WASHINGTON LUIS            388  SALA 08        LA SALLE II    RONDONOPOLIS        78710027MT000000000000000000000000000000000000000000000000000000000000000000000000000000000000000000000000000              
7480001300063A00001800103283 0000000067687 MATAO AGRICOLA LTDA - EPP     9018085201          24062024BRL000000000000000000000000004680                    00000000000000000000000PAGAMENTO                                 00005     0          
7480001300064B   200643406000192RUA FERNENDO CORREIA COSTA    1741                CENTRO         RONDONOPOLIS        78700100MT000000000000000000000000000000000000000000000000000000000000000000000000000000000000000000000000000              
7480001300065A00001834100499 0000000154995 MIROCA GUINDAUTOS LTDA        9037928801          24062024BRL000000000000000000000000207860                    00000000000000000000000PAGAMENTO                                 00005     0          
7480001300066B   205807738000189AV BONIFACIO SACHETTI         2460                DISTRITO INDUSTRONDONOPOLIS        78746700MT000000000000000000000000000000000000000000000000000000000000000000000000000000000000000000000000000              
7480001300067A00001834100499 0000000154995 MIROCA GUINDAUTOS LTDA        9037894101          24062024BRL000000000000000000000000131480                    00000000000000000000000PAGAMENTO                                 00005     0          
7480001300068B   205807738000189AV BONIFACIO SACHETTI         2460                DISTRITO INDUSTRONDONOPOLIS        78746700MT000000000000000000000000000000000000000000000000000000000000000000000000000000000000000000000000000              
7480001300069A00001800103283 0000001055275 ASSOCIACAO DOS PRODUTORES  SEM9037569001          24062024BRL000000000000000000000001554808                    00000000000000000000000PAGAMENTO                                 00005     0          
7480001300070B   200815175000238RUA DOS ANDRADAS              688                 VILA GOULART   RONDONOPOLIS        78745420MT000000000000000000000000000000000000000000000000000000000000000000000000000000000000000000000000000              
7480001300071A00001800103283 0000001055275 ASSOCIACAO DOS PRODUTORES  SEM9037592801          24062024BRL000000000000000000000000450076                    00000000000000000000000PAGAMENTO                                 00005     0          
7480001300072B   200815175000238RUA DOS ANDRADAS              688                 VILA GOULART   RONDONOPOLIS        78745420MT000000000000000000000000000000000000000000000000000000000000000000000000000000000000000000000000000              
7480001300073A00001800103283 0000001055275 ASSOCIACAO DOS PRODUTORES  SEM9037610101          24062024BRL000000000000000000000000184122                    00000000000000000000000PAGAMENTO                                 00005     0          
7480001300074B   200815175000238RUA DOS ANDRADAS              688                 VILA GOULART   RONDONOPOLIS        78745420MT000000000000000000000000000000000000000000000000000000000000000000000000000000000000000000000000000              
7480001300075A00001800103283 0000001055275 ASSOCIACAO DOS PRODUTORES  SEM9037615601          24062024BRL000000000000000000000000163664                    00000000000000000000000PAGAMENTO                                 00005     0          
7480001300076B   200815175000238RUA DOS ANDRADAS              688                 VILA GOULART   RONDONOPOLIS        78745420MT000000000000000000000000000000000000000000000000000000000000000000000000000000000000000000000000000              
7480001300077A00001800103283 0000001055275 ASSOCIACAO DOS PRODUTORES  SEM9037621201          24062024BRL000000000000000000000000654656                    00000000000000000000000PAGAMENTO                                 00005     0          
7480001300078B   200815175000238RUA DOS ANDRADAS              688                 VILA GOULART   RONDONOPOLIS        78745420MT000000000000000000000000000000000000000000000000000000000000000000000000000000000000000000000000000              
7480001300079A00001800103283 0000001055275 ASSOCIACAO DOS PRODUTORES  SEM9037421401          24062024BRL000000000000000000000000213024                    00000000000000000000000PAGAMENTO                                 00005     0          
7480001300080B   200815175000238RUA DOS ANDRADAS              688                 VILA GOULART   RONDONOPOLIS        78745420MT000000000000000000000000000000000000000000000000000000000000000000000000000000000000000000000000000              
7480001300081A00001800103283 0000001055275 ASSOCIACAO DOS PRODUTORES  SEM9037430601          24062024BRL000000000000000000000000076080                    00000000000000000000000PAGAMENTO                                 00005     0          
7480001300082B   200815175000238RUA DOS ANDRADAS              688                 VILA GOULART   RONDONOPOLIS        78745420MT000000000000000000000000000000000000000000000000000000000000000000000000000000000000000000000000000              
7480001300083A00001800103283 0000001055275 ASSOCIACAO DOS PRODUTORES  SEM9037345201          24062024BRL000000000000000000000000015216                    00000000000000000000000PAGAMENTO                                 00005     0          
7480001300084B   200815175000238RUA DOS ANDRADAS              688                 VILA GOULART   RONDONOPOLIS        78745420MT000000000000000000000000000000000000000000000000000000000000000000000000000000000000000000000000000              
7480001300085A00001800103283 0000001055275 ASSOCIACAO DOS PRODUTORES  SEM9037437001          24062024BRL000000000000000000000000015216                    00000000000000000000000PAGAMENTO                                 00005     0          
7480001300086B   200815175000238RUA DOS ANDRADAS              688                 VILA GOULART   RONDONOPOLIS        78745420MT000000000000000000000000000000000000000000000000000000000000000000000000000000000000000000000000000              
7480001300087A00001800103283 0000001055275 ASSOCIACAO DOS PRODUTORES  SEM9037486801          24062024BRL000000000000000000000000450076                    00000000000000000000000PAGAMENTO                                 00005     0          
7480001300088B   200815175000238RUA DOS ANDRADAS              688                 VILA GOULART   RONDONOPOLIS        78745420MT000000000000000000000000000000000000000000000000000000000000000000000000000000000000000000000000000              
7480001300089A00001800103283 0000001055275 ASSOCIACAO DOS PRODUTORES  SEM9037510401          24062024BRL000000000000000000000000245496                    00000000000000000000000PAGAMENTO                                 00005     0          
7480001300090B   200815175000238RUA DOS ANDRADAS              688                 VILA GOULART   RONDONOPOLIS        78745420MT000000000000000000000000000000000000000000000000000000000000000000000000000000000000000000000000000              
7480001300091A00001800103283 0000001055275 ASSOCIACAO DOS PRODUTORES  SEM9037515201          24062024BRL000000000000000000000000265954                    00000000000000000000000PAGAMENTO                                 00005     0          
7480001300092B   200815175000238RUA DOS ANDRADAS              688                 VILA GOULART   RONDONOPOLIS        78745420MT000000000000000000000000000000000000000000000000000000000000000000000000000000000000000000000000000              
7480001300093A00001800103283 0000001055275 ASSOCIACAO DOS PRODUTORES  SEM9037562401          24062024BRL000000000000000000000000245496                    00000000000000000000000PAGAMENTO                                 00005     0          
7480001300094B   200815175000238RUA DOS ANDRADAS              688                 VILA GOULART   RONDONOPOLIS        78745420MT000000000000000000000000000000000000000000000000000000000000000000000000000000000000000000000000000              
7480001300095A00001800103283 0000001055275 ASSOCIACAO DOS PRODUTORES  SEM9037553201          24062024BRL000000000000000000000000020458                    00000000000000000000000PAGAMENTO                                 00005     0          
7480001300096B   200815175000238RUA DOS ANDRADAS              688                 VILA GOULART   RONDONOPOLIS        78745420MT000000000000000000000000000000000000000000000000000000000000000000000000000000000000000000000000000              
7480001300097A00001800103283 0000001055275 ASSOCIACAO DOS PRODUTORES  SEM9037534501          24062024BRL000000000000000000000000143206                    00000000000000000000000PAGAMENTO                                 00005     0          
7480001300098B   200815175000238RUA DOS ANDRADAS              688                 VILA GOULART   RONDONOPOLIS        78745420MT000000000000000000000000000000000000000000000000000000000000000000000000000000000000000000000000000              
7480001300099A00001800103283 0000001055275 ASSOCIACAO DOS PRODUTORES  SEM9037524601          24062024BRL000000000000000000000000030432                    00000000000000000000000PAGAMENTO                                 00005     0          
7480001300100B   200815175000238RUA DOS ANDRADAS              688                 VILA GOULART   RONDONOPOLIS        78745420MT000000000000000000000000000000000000000000000000000000000000000000000000000000000000000000000000000              
7480001300101A00001826000001 0000625027100 CRISTIANO VERICIMO DOS SANTOS 9036994301          24062024BRL000000000000000000000000105755                    00000000000000000000000PAGAMENTO                                 00005     0          
7480001300102B   243053319000198RUA PROJETADA 13              617                 PARQUE RESIDENCRONDONOPOLIS        78735860MT000000000000000000000000000000000000000000000000000000000000000000000000000000000000000000000000000              
7480001300103A00001826000001 0000625027100 CRISTIANO VERICIMO DOS SANTOS 9036990301          24062024BRL000000000000000000000000032945                    00000000000000000000000PAGAMENTO                                 00005     0          
7480001300104B   243053319000198RUA PROJETADA 13              617                 PARQUE RESIDENCRONDONOPOLIS        78735860MT000000000000000000000000000000000000000000000000000000000000000000000000000000000000000000000000000              
7480001300105A00001826000001 0000625027100 CRISTIANO VERICIMO DOS SANTOS 9037253701          24062024BRL000000000000000000000000173009                    00000000000000000000000PAGAMENTO                                 00005     0          
7480001300106B   243053319000198RUA PROJETADA 13              617                 PARQUE RESIDENCRONDONOPOLIS        78735860MT000000000000000000000000000000000000000000000000000000000000000000000000000000000000000000000000000              
7480001300107A00001826000001 0000625027100 CRISTIANO VERICIMO DOS SANTOS 9037260801          24062024BRL000000000000000000000000335784                    00000000000000000000000PAGAMENTO                                 00005     0          
7480001300108B   243053319000198RUA PROJETADA 13              617                 PARQUE RESIDENCRONDONOPOLIS        78735860MT000000000000000000000000000000000000000000000000000000000000000000000000000000000000000000000000000              
7480001300109A00001826000001 0000625027100 CRISTIANO VERICIMO DOS SANTOS 9037226101          24062024BRL000000000000000000000000190066                    00000000000000000000000PAGAMENTO                                 00005     0          
7480001300110B   243053319000198RUA PROJETADA 13              617                 PARQUE RESIDENCRONDONOPOLIS        78735860MT000000000000000000000000000000000000000000000000000000000000000000000000000000000000000000000000000              
7480001300111A00001826000001 0000625027100 CRISTIANO VERICIMO DOS SANTOS 9037921801          24062024BRL000000000000000000000000117451                    00000000000000000000000PAGAMENTO                                 00005     0          
7480001300112B   243053319000198RUA PROJETADA 13              617                 PARQUE RESIDENCRONDONOPOLIS        78735860MT000000000000000000000000000000000000000000000000000000000000000000000000000000000000000000000000000              
7480001300113A00001800104205 0000001096923 AGRO FERRAGENS LUIZAO LTDA EPP8998989701          24062024BRL000000000000000000000000005412                    00000000000000000000000PAGAMENTO                                 00005     0          
7480001300114B   224774390000115RUA FERNANDO CORREA DA COSTA  1118                CENTRO         RONDONOPOLIS        78700100MT000000000000000000000000000000000000000000000000000000000000000000000000000000000000000000000000000              
7480001300115A00001833600001 0000179435124 KAIQUE SANTOS DE SOUZA 05268209004220601          24062024BRL000000000000000000000000011000                    00000000000000000000000PAGAMENTO                                 00005     0          
7480001300116B   231248162000177RUA DOM PEDRO II              80                  CENTRO         RONDONOPOLIS        78700220MT000000000000000000000000000000000000000000000000000000000000000000000000000000000000000000000000000              
7480001300117A00001800100839 0000000141623 WR WALLAUER E STEFFLER COM DE 8998201801          24062024BRL000000000000000000000000109000                    00000000000000000000000PAGAMENTO                                 00005     0          
7480001300118B   217447752000106AV DR WALDOMIRO GRAEFF        2694                VILA STO ANTONINAO-ME-TOQUE        99470000RS000000000000000000000000000000000000000000000000000000000000000000000000000000000000000000000000000              
7480001300119A00001800102927 0000000072001 IRRONILDO ALVES TELES         9037888201          24062024BRL000000000000000000000001166767                    00000000000000000000000PAGAMENTO                                 00005     0          
7480001300120B   100096342200106ROD BR 364 KM 120             01                  ZONA RURAL     PEDRA PRETA         78795000MT000000000000000000000000000000000000000000000000000000000000000000000000000000000000000000000000000              
74800015         000122000000000049441604000000000000000000                                                                                                                                                                                     
74800021C2211042 100023412224049IGK                 0080950000000015938 TROPICAL                                                              FAZENDA TROPICAL - ROD. BR 364120                 PEDRA PRETA         78795000MT                  
7480002300001O00081610000002234632152024070501012001181429000PREFEITURA MUNICIPAL DE PEDRA 24062024240620240000000000223469037342901                                                                                                            
7480002300002O00085800000000006301232024062822220330183955774SECRETARIA DE ESTADO DE FAZEND24062024240620240000000000001269020681101                                                                                                            
7480002300003O00085810000000551701232024062822220330183873883SECRETARIA DE ESTADO DE FAZEND24062024240620240000000000055179020695101                                                                                                            
7480002300004O00081670000092436732152024062805012001189763001PREFEITURA MUNICIPAL DE PEDRA 24062024240620240000000009243678983772901                                                                                                            
74800025         000006000000000000952356000000000000000000                                                                                                                                                                                     
74899999         000002000130000000                                                                                                                                                                                                             
