34100000      081228612613000107                    00499 000000022206 5AGROPECUARIA GRIESANG LTDA    BANCO ITAU S/A                          20307202401394901651508106250                                                                     
34100011C2001081 228612613000107                    00499 000000022206 5AGROPECUARIA GRIESANG LTDA                                            RUA OSWALDO CRUZ              01865               RONDONOPOLIS        78745435MT                  
3410001300001A00000034108269 000000022140 7LAYZA CONTE SANTOS DE LIMA    9047464201          02072024BRL000000000000000000000000374437664286882000013     02072024000000000374437AGROP GRIESANG LT         00004160873103            000        
34100015         000003000000000000374437000000000000000000                                                                                                                                                                                     
34100021C2041081 228612613000107                    00499 000000022206 5AGROPECUARIA GRIESANG LTDA                                            RUA OSWALDO CRUZ              01865               RONDONOPOLIS        78745435MT                  
3410002300001A00000074800809 000000016069 8ANA CAROLINA DE OLIVEIRA BARCE9047458701          02072024BRL011815210000000000000000372503864450285000016     02072024000000000372503                    14734600004740989158  00005     000        
3410002300002A00000000101998 000000077000 0CELSO GRIESANG                9047459001          02072024BRL000000000000000000000000178000864450285000024     02072024000000000178000                    14734700023412224049  00005     000        
3410002300003A00000023705578 000000034087 1VICTOR GRIESANG               9047464801          02072024BRL607469480000000000000000178000864450285000032     02072024000000000178000                    14734800074086910144  00005     000        
34100025         000005000000000000728503000000000000000000                                                                                                                                                                                     
34199999         000002000010000000                                                                                                                                                                                                             
